@article{ABB+17,
    author="Erdem Alkim and Nina Bindel and Johannes Buchmann and Özgür Dagdelen and Edward Eaton and Gus Gutoski and Juliane Kramer and Filip Pawlega",
    title="Revisiting tesla in the quantum random oracle model",
    journal="Post-Quantum Cryptography",
    pages="143-162",
    year="2017"
}

@article{ACD+18,
    author="Martin R. Albrecht and Benjamin R. Curtis and Amit Deo and Alex Davidson and Rachel Player and Eamonn W. Postlethwaite and Fernando Virdia and Thomas Wunderer",
    title="Estimate all the {lwe, ntru} schemes!",
    journal="Security and Cryptography for Networks",
    pages="351–367",
    year="2018"
}

@article{ADPS16,
    author="Erdem Alkim and Leo Ducas and Thomas Poppelmann and Peter Schwabe",
    title="Post-quantum key exchange: A new hope",
    journal="Proceedings of the 25th USENIX Conference on Security Symposium, SEC'16",
    pages="327-343",
    year="2016"
}

@article{AGVW17,
    author="Martin R. Albrecht and Florian Göpfert and Fernando Virdia and Thomas Wunderer",
    title="Revisiting the expected cost of solving usvp and applications to lwe",
    journal="Advances in Cryptology - ASIACRYPT 2017",
    pages="297-322",
    year="2017"
}

@article{Ajt96,
    author="M. Ajtai",
    title="Generating hard instances of lattice problems (extended abstract)",
    journal="Proceedings of the Twenty-Eighth Annual ACM Symposium on Theory of Computing, STOC'96",
    pages="99-108",
    year="1996"
}

@article{BG14,
    author="Shi Bai and Steven D. Galbraith",
    title="An improvised compression technique for signautres based on learning with errors",
    journal="Topics in Cryptology - CS-RSA 2014",
    pages="28-47",
    publisher="Springer International Publishing",
    year="2014"
}

@article{BGM+16,
    author="Andrej Bogdanov and Siyao Guo and Daniel Masny and Silas Richelson and Alon Rosen",
    title="On the hardness of learning with rounding over small modulus",
    journal="Theory of Cryptography",
    pages="209-224",
    year="2016"
}

@article{BHMT02,
    author="Gilles Brassard and Peter Høyer and Michele Mosca and Alain Tapp",
    title="Quantum amplitude amplification and estimation",
    journal="",
    volume="305",
    pages="53-74",
    year="2002"
}

@article{BPR12,
    author="Abhishek Banerjee and Chris Peikert and Alon Rosen",
    title="Pseudorandom functions and lattices",
    journal="Annual International Confernce on the Theory and Applications of Gryptographic Techniques",
    pages="719-737",
    publisher="Springer",
    year="2012"
}

@article{DKL+18,
    author="Léo Ducas and Eike Kiltz and Tancrède Lepoint and Vadim Lyubashevsky and Peter Schwabe and Gregor Seiler and Damien Stehlé",
    title="Crystals-dilithium: A lattice-based digital signature scheme",
    journal="IACR Transactions on Cryptographic Hardware and Embedded Systems",
    volume="2018(1)",
    pages="238-268",
    month="Feb",
    year="2018"
}

@article{DKSRV18,
    author="Jan-Pieter D'Anvers and Angshuman Karmakar and Sujoy Sinha Roy and Frederik Vercauteren",
    title="Saber: Module-lwr based key exchange, cpa-secure encryption and cca-secure kem",
    journal="Progress in Cryptology - AFRICACRYPT 2018",
    pages="282-305",
    year="2018"
}

@article{FS87,
    author="Amos Fiat and Adi Shamir",
    title="How to prove yourself: Practical solutions to identification and signature problems",
    journal="Advances in Cryptology - CRYPTO '86",
    pages="186-194",
    year="1987"
}

@article{KLS18,
    author="Eike Kiltz and Vadim Lyubashevsky and Christian Schaffner",
    editor="Jesper Buus Nielsen and Vincent Rijmen",
    title="A concrete treatment of Fiat-Shamir signatures in the quantum random-oracle model",
    journal="Advances in Cryptology - EUROCRYPT 2018",
    publisher="Springer International Publishing",
    pages="552-586",
    year="2018"
}

@article{LS15,
    author="Adeline Langlois and Damien Stehlé",
    title="Worst-case to average-case reductions for module lattices",
    journal="Des Codes Cryptography",
    volume="75(3)",
    pages="565-599",
    month="Jun",
    year="2015"
}

@article{Lyu09,
    author="Vadim Lyubashevsky",
    title="Fiat-shamir with aborts: Applications to lattice and factoring-based signatures",
    journal="Advances in Cryptology - ASIACRYPT 2009",
    pages="596-616",
    year="2009"
}

@article{Reg05,
    author="Oded Regev",
    title="On lattices, learning with errors, random linear codes, and cryptography",
    journal="Proceedings of the 37th Annual ACM Symposium on Theory of Computing, Baltimore, MD, USA, May 22-24, 2005",
    pages="84-93",
    year="2005"
}

@book{Wat07,
    author="John J. Watkins",
    title="Topics in cummutative ring theory",
    publisher="Princeton University Press",
    year="2007"
}